<?xml version="1.0" encoding="utf-8"?>
<record xmlns="http://www.loc.gov/MARC21/slim" xmlns:xsi="http://www.w3.org/2001/XMLSchema-instance" xsi:schemaLocation="http://www.loc.gov/MARC21/slim http://www.loc.gov/standards/marcxml/schema/MARC21slim.xsd">
	<leader>     nam a22     Mi 4500</leader>
	<controlfield tag="001">2795275</controlfield>
	<controlfield tag="003">NjP</controlfield>
	<controlfield tag="006">m        d        </controlfield>
	<controlfield tag="007">cr cn |||m|||a</controlfield>
	<controlfield tag="008">200505s1873    mr      o     000 0 ara d</controlfield>
	<datafield ind1="7" ind2=" " tag="024">
		<subfield code="a">princeton_aco002266</subfield>
		<subfield code="2">local</subfield>
	</datafield>
	<datafield ind1=" " ind2=" " tag="040">
		<subfield code="a">ZYU</subfield>
		<subfield code="b">ara</subfield>
		<subfield code="c">ZYU</subfield>
	</datafield>
	<datafield ind1="1" ind2=" " tag="100">
		<subfield code="6">880-01</subfield>
		<subfield code="a">Tusūlī, ʻAlī ibn ʻAbd al-Salām,</subfield>
		<subfield code="d">-1842 or 1843.</subfield>
		<subfield code="0">http://id.loc.gov/authorities/names/nr92023342</subfield>
	</datafield>
	<datafield ind1="1" ind2="0" tag="240">
		<subfield code="6">880-02</subfield>
		<subfield code="a">Sharḥ ʻalá Tuḥfat al-ḥukkām</subfield>
	</datafield>
	<datafield ind1="1" ind2="0" tag="245">
		<subfield code="6">880-03</subfield>
		<subfield code="a">Qāla al-shaykh al-Imām al-ʻālim al-ʻallāmah al-humām khātimat al-muḥaqqiqīn ... Abū al-Ḥasan ʻAlī ibn ʻAbd al-Salām al-Tusūlī</subfield>
		<subfield code="h">[electronic resource].</subfield>
	</datafield>
	<datafield ind1="1" ind2=" " tag="246">
		<subfield code="6">880-04</subfield>
		<subfield code="i">Title from caption of v. 2:</subfield>
		<subfield code="a">Niṣf al-thānī min Sharḥ al-ʻallāmah Sayyidī ʻAlī al-Dusūlī ʻalá Tuḥfat Ibn ʻĀṣim</subfield>
	</datafield>
	<datafield ind1="3" ind2="0" tag="246">
		<subfield code="6">880-05</subfield>
		<subfield code="a">Sharḥ al-ʻallāmah Sayyidī ʻAlī al-Dusūlī ʻalá Tuḥfat Ibn ʻĀṣim</subfield>
	</datafield>
	<datafield ind1=" " ind2=" " tag="260">
		<subfield code="6">880-06</subfield>
		<subfield code="a">[Fès] :</subfield>
		<subfield code="b">al-Maṭbaʻah al-Fāsīyah,</subfield>
		<subfield code="c">1289-1290 [1873]</subfield>
	</datafield>
	<datafield ind1=" " ind2=" " tag="300">
		<subfield code="a">online resource (2 v.)</subfield>
	</datafield>
	<datafield ind1=" " ind2=" " tag="500">
		<subfield code="a">Caption title.</subfield>
	</datafield>
	<datafield ind1=" " ind2=" " tag="500">
		<subfield code="a">Part of the Arabic Collections Online (ACO) project, contributed by Princeton University Libraries.</subfield>
	</datafield>
	<datafield ind1=" " ind2=" " tag="533">
		<subfield code="a">Electronic reproduction.</subfield>
		<subfield code="b">New York, N.Y. :</subfield>
		<subfield code="c">New York University,</subfield>
		<subfield code="d">2020.</subfield>
		<subfield code="5">NNU</subfield>
	</datafield>
	<datafield ind1="1" ind2="0" tag="600">
		<subfield code="a">Ibn ʻĀṣim, Muḥammad ibn Muḥammad,</subfield>
		<subfield code="d">1359-1426.</subfield>
		<subfield code="t">Tuḥfat al-ḥukkām fī nukat al-ʻuqūd wa-al-aḥkām.</subfield>
		<subfield code="0">http://id.loc.gov/authorities/names/nr99020835</subfield>
	</datafield>
	<datafield ind1=" " ind2="0" tag="650">
		<subfield code="a">Islamic law.</subfield>
		<subfield code="0">http://id.loc.gov/authorities/subjects/sh85068454</subfield>
	</datafield>
	<datafield ind1=" " ind2="7" tag="655">
		<subfield code="a">Lithographs</subfield>
		<subfield code="z">Morocco</subfield>
		<subfield code="y">1873</subfield>
		<subfield code="2">gmgpc</subfield>
	</datafield>
	<datafield ind1="2" ind2=" " tag="710">
		<subfield code="a">Princeton University.</subfield>
		<subfield code="b">Library.</subfield>
	</datafield>
	<datafield ind1="0" ind2=" " tag="730">
		<subfield code="a">Arabic Collections Online.</subfield>
	</datafield>
	<datafield ind1="0" ind2="8" tag="776">
		<subfield code="i">Print version:</subfield>
		<subfield code="a">Tusūlī, ʻAlī ibn ʻAbd al-Salām, -1842 or 1843. http://id.loc.gov/authorities/names/nr92023342</subfield>
		<subfield code="t">Qāla al-shaykh al-Imām al-ʻālim al-ʻallāmah al-humām khātimat al-muḥaqqiqīn ... Abū al-Ḥasan ʻAlī ibn ʻAbd al-Salām al-Tusūlī</subfield>
		<subfield code="w">(NjP)2795275</subfield>
	</datafield>
	<datafield ind1="4" ind2="0" tag="856">
		<subfield code="u">http://hdl.handle.net/2333.1/1c5b05qs</subfield>
	</datafield>
	<datafield ind1=" " ind2="0" tag="866">
		<subfield code="0">3106835</subfield>
		<subfield code="a">1-niṣf 2</subfield>
	</datafield>
	<datafield ind1=" " ind2="0" tag="866">
		<subfield code="0">3106835</subfield>
		<subfield code="x">DESIGNATOR: niṣf</subfield>
	</datafield>
	<datafield ind1="1" ind2=" " tag="880">
		<subfield code="6">100-01</subfield>
		<subfield code="a">تسولي، علي بن عبد السلام،</subfield>
		<subfield code="d">-1842 or 1843.</subfield>
		<subfield code="0">http://id.loc.gov/authorities/names/nr92023342</subfield>
	</datafield>
	<datafield ind1="1" ind2="0" tag="880">
		<subfield code="6">240-02</subfield>
		<subfield code="a">شرح على تحفة الحكام</subfield>
	</datafield>
	<datafield ind1="1" ind2="0" tag="880">
		<subfield code="6">245-03</subfield>
		<subfield code="a">قال الشيخ الامام العالم العلامة الهمام خاتمة المحققين ... ابو الحسن علي بن عبد السلام التسولي.</subfield>
	</datafield>
	<datafield ind1="1" ind2=" " tag="880">
		<subfield code="6">246-04</subfield>
		<subfield code="i">Title from caption of v. 2:</subfield>
		<subfield code="a">نصف الثاني من شرح العلامة سيدي علي الدسولي على تحفة ابن عاصم</subfield>
	</datafield>
	<datafield ind1="3" ind2="0" tag="880">
		<subfield code="6">246-05</subfield>
		<subfield code="a">شرح العلامة سيدي علي الدسولي على تحفة ابن عاصم</subfield>
	</datafield>
	<datafield ind1=" " ind2=" " tag="880">
		<subfield code="6">260-06</subfield>
		<subfield code="a">[فاس] :</subfield>
		<subfield code="b">المطبعة الفاسية،</subfield>
		<subfield code="c">1289-1290 [1873]</subfield>
	</datafield>
	<datafield ind1=" " ind2=" " tag="948">
		<subfield code="a">jeb</subfield>
	</datafield>
	<datafield ind1=" " ind2=" " tag="911">
		<subfield code="a">20000216</subfield>
	</datafield>
	<datafield ind1=" " ind2=" " tag="912">
		<subfield code="a">20000216055834.0</subfield>
	</datafield>
	<datafield ind1=" " ind2=" " tag="959">
		<subfield code="a">2000-06-13 00:00:00 -0400</subfield>
	</datafield>
	<datafield ind1=" " ind2=" " tag="959">
		<subfield code="a">NNU</subfield>
		<subfield code="b">WEB</subfield>
		<subfield code="c">GENI</subfield>
		<subfield code="t">0</subfield>
		<subfield code="m">Electronic access</subfield>
		<subfield code="s">01</subfield>
	</datafield>
	<datafield ind1=" " ind2=" " tag="999">
		<subfield code="i">NjP_2795275</subfield>
		<subfield code="s">princeton_aco002251:nisf 1</subfield>
		<subfield code="s">princeton_aco002266:nisf 2</subfield>
		<subfield code="e">(ERROR-MISC)</subfield>
		<subfield code="s">princeton_aco002251:nisf 1</subfield>
		<subfield code="s">princeton_aco002266:nisf 2</subfield>
	</datafield>
</record>
